<?xml version="1.0" encoding="UTF-8"?><collection xmlns="http://www.loc.gov/MARC21/slim"><record><leader>00472nam--2200181-u-4500</leader><controlfield tag="001">000052971</controlfield><controlfield tag="002">20161230</controlfield><controlfield tag="005">20161230201050</controlfield><controlfield tag="008">101217s1000------------r-----000-0-rus-d</controlfield><datafield ind1=" " ind2=" " tag="040"><subfield code="a">IFIN-HH</subfield></datafield><datafield ind1=" " ind2=" " tag="041"><subfield code="a">rus</subfield></datafield><datafield ind1=" " ind2=" " tag="080"><subfield code="a">543.422.1</subfield></datafield><datafield ind1="1" ind2=" " tag="110"><subfield code="a">Academy Of Sciences Of The Lithuanian Ssr</subfield></datafield><datafield ind1="1" ind2="0" tag="245"><subfield code="a">Spectroscopical methods of atmospheric cases investigations</subfield></datafield><datafield ind1=" " ind2=" " tag="260"><subfield code="a">Vilnius</subfield><subfield code="c">1983</subfield></datafield><datafield ind1=" " ind2=" " tag="300"><subfield code="a">186P</subfield></datafield><datafield ind1=" " ind2=" " tag="852"><subfield code="a">71773</subfield><subfield code="c">535.33</subfield></datafield><datafield ind1=" " ind2=" " tag="CAT"><subfield code="a">Sys</subfield><subfield code="c">20101217</subfield><subfield code="h">090601</subfield></datafield></record></collection>